@misc{enwiki:1221958777,
  author = {Wikipedia contributors},
  title = {RSA (cryptosystem) --- {Wikipedia}{,} The Free Encyclopedia},
  year = {2024},
  url = {https://en.wikipedia.org/w/index.php?title=RSA_(cryptosystem)\&oldid=1221958777},
  note = {[Online; accessed 28-June-2024]}
}
@misc{enwiki:1222212331,
  author = {Wikipedia contributors},
  title = {Miller–Rabin primality test --- {Wikipedia}{,} The Free Encyclopedia},
  year = {2024},
  url = {https://en.wikipedia.org/w/index.php?title=Miller%E2%80%93Rabin_primality_test\&oldid=1222212331},
  note = {[Online; accessed 28-June-2024]}
}
@misc{roberts99,
  author = {Roberts, Eric},
  title = {Prime Generation \& Testing for primality},
  year = {1999},
  url = {https://www-cs-faculty.stanford.edu/people/eroberts/courses/soco/projects/1998-99/randomized-algorithms/applications/primality.html},
  note = {[Online; accessed 28-June-2024]}
}
@misc{enwiki:1227031378,
  author = {Wikipedia contributors},
  title = {Fermat primality test --- {Wikipedia}{,} The Free Encyclopedia},
  year = {2024},
  url = {https://en.wikipedia.org/w/index.php?title=Fermat_primality_test\&oldid=1227031378},
  note = {[Online; accessed 28-June-2024]}
}
@mastersthesis{aichner22,
    author = {Aichner, Daniela},
    title = {Primzahlen und ihre Bedeutung in der Kryptographie},
    school = {Universität Innsbruck},
    type = {Diplomarbeit},
    address = {Innsbruck, Österreich},
    year = {2022},
    month = {02},
    note = {[Online; accessed 28-June-2024]},
    url = {https://www.uibk.ac.at/mathematik/algebra/media/teaching/diplomarbeit.pdf},
}
@article{shannon49,
  author = {Shannon, C.~E.},
  journal = {The Bell System Technical Journal}, 
  title = {Communication theory of secrecy systems}, 
  year = {1949},
  volume = {28},
  number = {4},
  pages = {656-715},
  doi = {10.1002/j.1538-7305.1949.tb00928.x},
  url = {https://ieeexplore.ieee.org/document/6769090},
  note = {[Online; accessed 28-June-2024]},
}
@misc{kleinjung10,
  author = {Kleinjung, Thorsen and Aoki, Kazumaro and Franke, Jens and Lenstra, Arjen K. and Thomé, Emmanuel and Bos, Joppe W. and Gaudry, Pierrick and Kruppa, Alexander and Montgomery, Peter L. and Osvik, Dag Orne and te Riele, Herman and Timofeev, Andrey and Zimmermann, Paul},
  title = {Factorization of a 768-Bit RSA modulus},
  year = {2010},
  month = {02},
  day = {18},
  url = {https://eprint.iacr.org/2010/006.pdf},
  note = {[Online; accessed 28-June-2024]},
}
@misc{rsa01,
  author = {Rivest, R.~L. and Shamir, A. and Adleman, L.},
  title = {A Method for Obtaining Digital Signatures and Public-Key Cryptosystems},
  url = {https://people.csail.mit.edu/rivest/Rsapaper.pdf},
  year = {2001},
  month = {04},
  day = {26},
  note = {[Online; accessed 04-July-2024]},
}
@misc{rsa250,
  author = {Paul Zimmermann},
  title = {Factorization of RSA-250},
  url = {https://sympa.inria.fr/sympa/arc/cado-nfs/2020-02/msg00001.html},
  year = {2020},
  month = {02},
  day = {28},
  note = {[Online; accessed 04-July-2024]},
}
@techreport{bsicrypto,
    author = {{Bundesamt für Sicherheit in der Informationstechnik}},
    title = {Kryptographische Verfahren: Empfehlungen und Schlüssellängen},
    institution = {Bundesamt für Sicherheit in der Informationstechnik},
    type = {Technische Richtlinie},
    number = {BSI TR-02102-1},
    url = {https://www.bsi.bund.de/SharedDocs/Downloads/DE/BSI/Publikationen/TechnischeRichtlinien/TR02102/BSI-TR-02102.pdf},
    year = {2024},
    month = {02},
    note = {[Online; accessed 09-07-2024]},
}
